3242 5334
335 749 387 828 ro
731 749 923 782 *²*-

299 925 301 930 ’
334 936 508 1012 choreus
530 915 654 1033 prisce
678 937 862 1024 ecclelia,
887 958 968 1012 cum
991 929 1170 1038 degeneri
1194 955 1320 1017 monta
1370 915 1374 936 ³

334 1038 490 1113 chorum
519 1035 728 1112 nostrorum
745 1059 749 1074 ¹
756 1055 876 1139 grege
909 1033 1143 1116 confundere
1161 1042 1322 1120 :studueu
1340 1099 1343 1104 -

267 1205 269 1210 ⁴
330 1139 408 1226 rit,
437 1155 502 1223 ut,
530 1159 609 1254 quae
630 1135 675 1212 de
697 1135 777 1214 illis
796 1140 899 1215 hene
920 1140 1020 1238 apud
1040 1141 1168 1217 Patres
1192 1144 1323 1220 Eccle·
1356 1181 1359 1192 ·

331 1240 388 1318 fiae
410 1234 508 1314 dista
532 1241 641 1326 lunt,
668 1237 714 1313 de
735 1239 793 1315 his
813 1263 964 1343 quoque
986 1233 1085 1320 disla
1113 1238 1186 1320 else
1218 1245 1321 1323 vide-

255 1359 261 1374 ’
330 1361 455 1420 autur.
487 1339 596 1440 'Egit
627 1340 734 1428 hoc,
771 1363 820 1434 ut
846 1342 1125 1430 attentionem,
1164 1345 1320 1436 animos,

155 1529 161 1540 Ι
330 1441 367 1520 &
388 1440 568 1544 quandam
584 1440 687 1541 quali
708 1439 1066 1521 commiserationem
1087 1439 1320 1526 audientium

114 1564 137 1614 ·.
243 1577 249 1596 =
326 1545 393 1622 sihi
429 1542 683 1628 conciliaret,
717 1543 1012 1645 indignationem
1049 1571 1145 1623 vero
1186 1569 1320 1627 contra

329 1637 586 1745 irreligiosum
605 1642 858 1722 adversarium
892 1645 1042 1724 meliori
1076 1649 1235 1725 ‹uodam
1271 1651 1319 1727 tl·

326 1749 412 1826 tulo
431 1747 628 1823 excitaret.
677 1748 758 1837 At,
779 1750 897 1824 Deum
918 1675 1164 1828 immortahem
1186 1751 1319 1843 testor,

325 1851 544 1949 vestrasque
581 1866 726 1924 mentes
759 1847 941 1951 judices,
975 1853 1011 1926 ut
1044 1851 1316 1932 conscientiam

325 1950 486 2029 maxime
508 1956 648 2027 meaml
672 1950 856 2030 nemiuem
889 1951 1004 2053 magis
1029 1950 1235 2051 persuasum
1260 1953 1316 2032 es·
1424 2029 1426 2034 .

324 2054 389 2140 se,
416 2074 523 2154 quam
546 2055 621 2151 ego
644 2051 720 2136 lim,
731 2052 874 2152 quodsi
898 2051 1045 2129 numini¹
1063 2074 1202 2132 eterno
1221 2053 1317 2134 suma

323 2153 611 2234 muscultus&
635 2153 755 2230 honos
787 2153 995 2241 debeatur,
1019 2154 1181 2252 ejusdem
1202 2181 1315 2235 reve·

279 2316 283 2324 ,
324 2255 453 2333 rentiae
477 2274 619 2354 partem
642 2252 822 2355 quandum
848 2256 887 2331 in
919 2281 986 2333 eos
1017 2282 1171 2357 quoque
1195 2277 1312 2337 trans·

324 2355 514 2436 ferendam
535 2348 642 2443 else,
678 2354 744 2456 qui
765 2355 811 2430 ad
839 2356 939 2433 sacra
960 2354 1128 2436 facienda
1150 2364 1231 2438 Deo
1256 2363 1311 2437 di·

322 2461 397 2538 cuti
421 2457 524 2534 suntl
552 2458 697 2535 Debent
720 2456 819 2532 enim
844 2457 896 2533 ibi
916 2453 990 2534 esse
1016 2462 1172 2558 proemia
1193 2461 1323 2540 hono·r

321 2563 399 2649 ris,
426 2560 488 2636 ubi
516 2557 600 2635 suut
625 2557 758 2636 merita
779 2558 958 2656 virtutis3
986 2561 1230 2640 nihilominus
1259 2584 1313 2641 ta·
1351 2590 1353 2598 ·

321 2679 406 2741 men
439 2662 531 2739 mihi
563 2659 709 2748 videri,
735 2659 923 2759 piaculum
945 2656 1043 2739 else:
1087 2663 1310 2743 detldiufiffi-
1408 2739 1429 2762 Ι,

320 2787 416 2842 mam
454 2765 713 2840 monachorum
753 2761 893 2838 turbam
928 2762 1111 2862 religioso
1141 2763 1309 2844 sacerdo·¹
1412 2760 1417 2765 ’

321 2887 399 2944 tum
422 2864 590 2962 collegio
612 2860 821 2954 adceusere,
849 2862 1055 2965 eodemque
1076 2865 1222 2943 honore
1242 2893 1323 2944 vna·

319 2992 374 3047 nae
405 2963 676 3066 superstitionis
710 2957 954 3042 sacrificulum
992 2964 1203 3066 prosequi,
1240 2967 1309 3070 qui

221 3069 224 3077 ’
320 3063 557 3149 sacrosancte
602 3084 742 3144 tantum
787 3065 988 3168 religionis
1035 3067 1303 3156 ministro''de·

317 3174 440 3252 betur.
848 3196 850 3200 ⁴
909 3175 911 3180 ’
1119 3185 1122 3192 “

417 3477 553 3582 Longe
577 3494 731 3584 quoque
754 3478 873 3559 absum
885 3483 966 3571 ,ut
988 3490 1093 3559 sarus
1109 3465 1202 3582 ‘illo'r
1227 3467 1302 3577 pri·

313 3580 453 3660 mitivae
484 3583 644 3660 ecclelia
680 3584 786 3662 viror
828 3586 1061 3683 vituperem,
1085 3584 1176 3683 qui,
1203 3567 1301 3681 puh-

314 3707 422 3786 quam
453 3682 665 3784 reipublicae
698 3685 928 3768 commodis,
952 3705 992 3761 ut
1019 3686 1151 3760 bouum
1174 3683 1299 3759 civem

313 3807 491 3884 oportet,
527 3783 769 3876 servierunt,
807 3780 1033 3864 secesserunt
1065 3813 1085 3859 a
1118 3786 1298 3870 tumultu,
1360 3789 1362 3793 ‘

117 3875 121 3902 '
194 3947 198 3954 .
311 3888 528 3988 ceterisque
560 3896 671 3969 rebus
702 3889 869 3965 omnihus
901 3905 968 3988 pro
1003 3886 1122 3961 nihilo
1150 3884 1298 3971 habitis,

310 3987 597 4088 semetipsos&
630 3990 881 4068 imminentem
912 3988 1152 4064 eternitatem
1183 3985 1298 4061 soler·
1411 4005 1415 4013 ¹

312 4091 388 4166 tius
411 4089 576 4166 meditati
602 4087 704 4179 sunt,
731 4113 794 4167 aut
815 4091 1006 4167 honestum
1028 4090 1145 4164 otittm
1166 4080 1298 4187 sponte

293 4193 493 4294 ¹nulloque
537 4190 704 4267 adstrit'li
745 4190 975 4267 hemmento-
1009 4187 1296 4290 ampleclentes,
1334 4261 1337 4266 .

238 4296 250 4306 ‘
306 4315 387 4372 nou
408 4292 523 4373 modo
546 4292 628 4400 ipsi!
644 4289 870 4385 hebescere,
896 4294 1139 4394 &languere
1161 4293 1295 4378 nolue-

1046 4519 1048 4524 .
1142 4436 1244 4503 runt,
