3242 5334
236 989 240 998 ,
262 881 362 980 *n
357 863 536 996 ¹i'alacitas
557 884 708 995 palloris
729 833 939 989 multatio,
965 893 1002 977 br
1035 861 1186 1000 queruli
1208 912 1305 976 con

236 1011 262 1086 ἱ,
281 1017 297 1041 ²
319 982 550 1096 cupisceutis
569 997 729 1075 turturis
753 998 928 1097 gemitus
945 1003 1130 1090 monachae
1163 1000 1304 1101 optime

244 1105 261 1134 ”
293 1099 583 1194 ‘conveniant3
622 1122 644 1175 e
673 1101 800 1199 rapina
819 1102 1021 1179 monachos
1045 1103 1213 1191 vivere,
1247 1125 1306 1178 us·

279 1262 283 1276 .
320 1224 399 1301 que
433 1200 526 1278 adeo
559 1217 709 1288 notum
726 1200 803 1287 est,
830 1222 873 1279 ut
900 1203 1079 1301 rapacitas
1108 1204 1307 1281 monastica

317 1302 362 1381 in
389 1293 627 1400 proverbium
651 1302 799 1385 abierit
852 1304 891 1383 Si
913 1328 1006 1405 ergo
1028 1305 1159 1381 avibus
1189 1306 1305 1381 adnu-

255 1407 259 1414 '
304 1404 459 1494 ‘merari
474 1399 645 1504 pollent,
668 1427 734 1481 eos
755 1402 799 1479 ad
823 1406 1009 1505 rapacium
1028 1405 1196 1484 ordinem
1223 1429 1318 1506 ρει,
1381 1445 1383 1450 .

249 1541 254 1550 ’
309 1505 468 1590 ,tinere
475 1493 802 1604 ornithologorunr
824 1529 934 1584 nemo
954 1508 1127 1609 negabit,
1153 1506 1305 1585 suaden-

263 1657 266 1665 ·
317 1628 361 1685 ce
382 1606 422 1684 id
442 1606 624 1688 etiamli
646 1607 874 1697 Ambrofio,
897 1608 982 1686 dum
1003 1610 1216 1697 monachos,
1263 1607 1304 1688 ui
1417 1639 1420 1644 ·

256 1705 259 1716 “
311 1710 443 1786 aliena
474 1730 666 1824 quarunt,
693 1706 813 1786 recle·
833 1710 1042 1810 accipitres·
1060 1634 1333 1799 ιιοιιιίιιιιιὲιιιΙ
1462 1725 1468 1737 ‘

317 1803 394 1886 effe
420 1810 649 1909 pronuntiat.
679 1808 751 1907 (c)
803 1810 1020 1923 Accipitres
1045 1831 1192 1899 autem,
1220 1811 1305 1889 vul
1407 1828 1411 1853 ·
1489 1821 1493 1829 ’

318 1932 426 1988 tures
454 1910 490 1990 &
522 1935 601 2011 quae
635 1907 719 1996 sunt
747 1909 811 2005 huj
815 1935 857 1988 us
795 1913 1041 2029 Jgeneris
1063 1911 1303 1991 volucresfi·

318 2014 388 2091 tim
412 2011 604 2092 diutillime
628 2007 771 2099 ferre,
792 2013 990 2129 omnisque
1019 2036 1195 2115 expertes
1228 2006 1303 2104 elle
1421 2068 1424 2079 ·
1518 2074 1522 2081 ,

319 2112 586 2194 modulationis
609 2114 716 2191 vocis
734 2113 972 2213 experientia
998 2115 1140 2196 docuit.
1201 2099 1302 2194 Num

262 2307 264 2312 .
318 2201 417 2293 verb
438 2215 658 2293 liticulolius
678 2214 765 2318 quid
783 2216 1004 2299 monacho?
1041 2238 1087 2295 an
1117 2239 1193 2295 non
1217 2238 1300 2294 carr-
1382 2259 1386 2276 1
1430 2297 1467 2326 Ι,

318 2337 374 2396 rat
395 2337 458 2395 aut
480 2318 672 2401 cantillare
696 2334 851 2394 conatur
874 2341 898 2395 e
925 2320 1195 2398 cucullatorum
1217 2341 1302 2419 gre·
1382 2346 1388 2356 ’
1497 2315 1506 2331 ‘

317 2444 381 2536 ge
403 2420 688 2536 unnsquisque?
729 2417 946 2536 Discrepant
987 2420 1105 2521 igitur
1146 2422 1190 2498 ab
1228 2422 1300 2509 his,
1389 2462 1393 2470 x
1502 2409 1511 2436 ¹

299 2520 386 2637 ‚qui
422 2522 642 2636 accipitrum
672 2539 801 2619 genus
832 2520 1103 2608 constituunt,
1110 2521 1298 2614 choraule-

316 2624 421 2699 ribus
442 2621 634 2708 monachi,
660 2643 730 2697 nec
761 2617 879 2699 ullum
904 2641 1010 2699 certo
1041 2621 1207 2720 oscinum
1232 2621 1297 2704 ali·

265 2753 268 2762 ·
316 2741 457 2802 tumve
479 2746 601 2823 genus
634 2722 796 2820 reperiri
828 2724 972 2824 potest,
982 2747 1099 2842 ..quo
1111 2742 1298 2801 arinuente
1354 2750 1356 2754 ’
1432 2755 1434 2758 ·

236 2839 245 2845 “
315 2843 466 2905 natura
481 2826 795 2919 collocarentur3
842 2825 1013 2927 quamvis
1046 2847 1297 2924 opportunum

312 2921 412 3010 ellet
430 2925 586 3004 maxime
606 2924 739 3025 generi
764 2923 954 3015 humano,
979 2926 1015 3006 li
1047 2926 1224 3039 bipedes
1230 2925 1300 3003 hos

288 3121 291 3126 ,
313 3029 517 3129 implumes
538 3022 769 3106 confundere
791 3026 1011 3128 plumigeris
1031 3025 1192 3116 liceret,
1214 3050 1298 3103 cunr

314 3131 498 3210 mortales
532 3126 668 3206 crucia
696 3125 804 3204 bouis
830 3123 1004 3245 semper
1007 3122 1052 3206 &-
1074 3129 1299 3305 praepetibus
1364 3204 1374 3216 N

312 3231 448 3314 avinus
483 3228 796 3331 auspicarentur,
833 3229 921 3329 quia
956 3250 1143 3328 nunquam
1180 3227 1296 3307 escam
1395 3266 1398 3276 =
1523 3234 1525 3306 3

299 3330 505 3418 ,recusaret
560 3330 795 3416 monachus,
846 3328 884 3409 a
921 3328 1005 3408 mle
1035 3352 1076 3406 er
1129 3329 1296 3425 pascere·

313 3433 483 3533 tur‚(d
483 3436 611 3534 >uec
642 3454 726 3514 eum
745 3435 883 3626 Gmergi
912 3454 983 3514 uec
1035 3427 1215 3522 eeffet,
1253 3449 1298 3507 ur

317 4085 324 4096 ,
354 4029 406 4112 (e)
420 4027 567 4098 Ambrafiuc
586 4029 663 4081 Orat.
682 4025 712 4082 da
729 4025 802 4083 obita
813 4024 943 4102 sutrim

356 4305 494 4370 etlilium
512 4312 541 4371 ll
565 4311 747 4381 pascerentur
771 4311 893 4383 (pulli)
911 4314 1020 4368 bunum
1046 4312 1204 4385 augurium
1221 4327 1293 4377 erat,
1406 4338 1412 4368 .‹

431 4402 533 4490 lim
549 4401 751 4485 pascerentur.
765 4402 891 4464 malum
928 4402 994 4462 Aul
1013 4402 1094 4466 fiel!
1222 4404 1224 4407 ’
