3242 5334
247 663 369 764 s54
716 690 906 715 ··-·-·-

328 935 335 960 ,
423 865 553 944 Postea
581 859 788 945 'transibant
813 868 858 946 ad
880 865 1164 948 annuntiatores
1192 894 1310 952 evan·

320 964 524 1075 gelicarum
543 965 750 1057 virtutum,
776 969 806 1046 ii
836 971 901 1071 qui
934 970 1070 1047 nullam
1102 969 1311 1056 millronena

283 1073 285 1078 ’
316 1070 504 1156 habebant
524 1068 560 1146 du
584 1089 660 1143 non
683 1070 796 1148 semel
817 1071 855 1147 in
878 1070 1212 1152 fundamentalibus
1241 1102 1311 1156 ve·

317 1174 496 1255 ritatibus
526 1166 657 1250 sanciae
687 1170 866 1251 dodlrinae
894 1172 1067 1252 instrudli
1097 1196 1232 1275 erant3
1271 1177 1312 1260 δι

317 1274 504 1376 faciebant
538 1294 615 1349 non
643 1291 787 1351 tanturn
812 1276 957 1378 ineptas
990 1275 1216 1368 drumanes,
1243 1277 1311 1360 sed

316 1378 430 1457 etiarn
460 1372 599 1463 falsas,
637 1372 794 1454 fallaces
824 1376 861 1455 dc
891 1378 1086 1456 mendaces
1118 1379 1311 1480 erruptio·

317 1503 399 1558 nes.
427 1474 508 1575 (20)
549 1475 711 1556 ‚Infimul
743 1477 919 1558 cadebant
953 1502 1049 1557 vere
1078 1476 1225 1560 furiose
1250 1484 1309 1560 in-

217 1612 228 1634 ·
318 1575 521 1659 distindlirn
543 1577 583 1653 in
610 1576 741 1658 servos
771 1583 958 1672 ecclelia,
992 1583 1181 1683 precipue
1206 1585 1309 1663 ordi·

275 1681 278 1686 ‘
313 1708 384 1761 nes
416 1680 630 1780 regulares,
657 1707 752 1783 quos
790 1685 945 1784 ecclelia
981 1684 1236 1784 approbavit,
1269 1686 1309 1765 de

317 1783 508 1885 principes
541 1780 816 1884 susceperunt3
850 1809 928 1864 non
964 1785 1215 1875 verebantur,
1239 1813 1317 1886 ves

314 1887 466 1972 sticum,
502 1907 647 1972 mores,
680 1881 787 1972 ulus,
831 1886 966 1987 leges,
992 1887 1130 1965 bonum
1156 1893 1310 1980 nomem

254 2075 257 2082 ,
314 1984 474 2089 ipsarum
496 1985 721 2087 lingularum
747 1984 1012 2088 personarum,
1039 2012 1116 2065 non
1146 1991 1308 2094 amplius

313 2086 526 2170 abscondite
560 2144 573 2177 ,
623 2087 686 2166 sed
727 2090 879 2190 publice
925 2091 1075 2168 violare
1107 2145 1120 2180 ,
1166 2092 1221 2170 ita
1262 2097 1307 2172 ut

311 2191 384 2289 jani
405 2214 516 2267 nemo
538 2191 697 2289 amplius
729 2191 775 2267 de
801 2190 866 2268 suo
887 2190 1045 2270 honesto
1073 2194 1225 2292 nornine
1252 2193 1308 2273 se·
1339 2289 1341 2294 ,

280 2295 283 2300 ’
316 2317 429 2372 curus
464 2291 531 2383 fit,
557 2292 624 2393 qui
661 2311 803 2372 tantum
835 2311 984 2383 tentat,
1010 2315 1119 2371 uuam
1157 2295 1307 2398 opinio·

1162 2421 1251 2477 nem

309 2665 1303 2696 *nnn—n--n———m-——u———dnq

274 2853 279 2862 ’
395 2845 489 2902 dra.
527 2843 650 2910 Omnis,
669 2846 720 2913 qni
741 2860 806 2901 norr
826 2847 863 2903 est
883 2850 1066 2918 catholicus,
1084 2847 1122 2903 eil
1139 2848 1215 2902 milri
1236 2847 1303 2915 jux·

429 2953 461 2995 te
488 2941 679 3010 evangelium
705 2943 792 2996 velut
821 2943 961 3021 ethnicae
987 2946 1018 2998 ἀ
1046 2942 1245 3016 publicanus,
1273 2943 1303 2996 dr

419 3035 526 3105 dignus
551 3046 587 3088 ut
615 3038 785 3091 extradatur
809 3037 844 3090 Α.
864 3037 897 3090 R.
914 3040 943 3092 P.
963 3039 1066 3109 grandi
1084 3037 1255 3105 lnquifitori
1274 3037 1304 3091 dt

418 3128 483 3196 ejus
503 3129 529 3180 S.
551 3130 647 3185 officio
676 3133 708 3187 in
734 3131 875 3199 Hispania
897 3132 928 3184 δι
947 3132 1147 3204 Portugallia,
1167 3146 1201 3185 ut
1219 3147 1303 3185 com·
1337 3191 1339 3198 ,

420 3223 544 3276 buratur
569 3223 637 3289 hic,
662 3225 700 3282 fic
718 3228 908 3282 comburetur
928 3227 962 3281 in
987 3228 1056 3297 igne
1081 3221 1213 3283 ae'tern03
1240 3228 1302 3282 lraec

422 3314 460 3370 est
488 3330 554 3370 mea
572 3318 686 3387 opinio,
703 3324 834 3377 fundata
861 3324 947 3392 supra
976 3320 1217 3388 observantiam,
1238 3335 1301 3389 quae

370 3479 373 3486 Δ
419 3413 572 3479 hucusque
601 3416 713 3484 optime
746 3417 861 3487 profuit
895 3414 923 3468 S.
952 3414 1092 3484 religioni
1123 3418 1154 3470 dr
1186 3419 1302 3473 multoe

387 3553 390 3558 ,
417 3505 568 3577 perversae
595 3510 751 3575 homines,
779 3510 877 3585 *etiarn
892 3509 923 3563 Τ.
951 3526 982 3566 v.
1012 3512 1125 3578 Judaeoe
1151 3511 1189 3566 ad
1211 3508 1300 3564 fidem

421 3600 601 3656 catholicam
626 3599 759 3661 adduxit.

355 3798 415 3862 (ιο)
452 3787 608 3846 Quomodo
625 3808 692 3861 ergo
710 3794 801 3864 potest
817 3794 925 3862 aliquis
942 3792 1070 3863 judicare
1089 3793 1123 3847 de
1140 3791 1242 3863 aliqua
1260 3807 1300 3860 re,

413 3885 603 3957 superquam
625 3902 689 3940 non
708 3887 796 3941 habet
815 3883 1000 3945 miffionernl
1037 3873 1117 3955 quali
1145 3901 1219 3942 vero
1245 3902 1297 3958 ego

415 3979 523 4050 pulsem
542 3979 635 4035 dicere
663 3983 856 4052 &disputare
878 3999 947 4037 curn
964 3999 1052 4037 cocco
1072 4019 1081 4048 ,
1100 3981 1179 4048 quod
1199 3973 1297 4048 aliqua

419 4075 488 4144 daps
507 4091 532 4131 e.
552 4092 579 4145 g.
596 4077 667 4142 illa,
685 4090 774 4143 quarn
792 4091 848 4129 noa
867 4079 1007 4133 Germani
1024 4088 1169 4132 vocamur
1190 4071 1295 4134 &uum

415 4167 521 4234 itaut,
548 4184 612 4222 non
631 4173 666 4222 fit
684 4172 756 4226 bene
774 4184 936 4241 praeparata
953 4209 962 4237 ‚
979 4172 1001 4226 ri
1018 4169 1196 4226 nonhabeo
1215 4170 1291 4225 ordi·

421 4260 578 4320 nationem
603 4264 635 4321 dt
660 4263 824 4324 mistionem
847 4281 902 4341 pro
925 4265 1028 4325 cauus
1052 4277 1071 4323 a
1093 4265 1130 4322 R·
1147 4265 1177 4320 P.
1200 4264 1291 4352 ¹arrar-

419 4355 530 4414 dimo?
