3242 5334
311 705 363 772 92
442 695 445 700 ·
710 718 917 748 —---··

318 1025 471 1109 Ablatis
493 997 648 1128 demum·
658 1019 849 1100 musculis.
861 951 1103 1120 abdominis,
1119 1023 1167 1114 &
1174 1049 1305 1106 1em0.
1340 1075 1345 1088 .

318 1173 359 1230 to
389 1123 607 1252 peritonaeo‘
627 1145 803 1258 nonnihil
832 1142 1040 1238 crassiore,
1078 1148 1117 1225 in
1149 1147 1303 1250 conspe·

317 1274 419 1353 dium
444 1272 760 1351 veuit-omentum
781 1266 1000 1370 adiposum,
1027 1274 1094 1350 vel
1120 1273 1147 1348 ii
1172 1272 1305 1360 mavis,

317 1392 624 1499 adipofiffimum,
660 1391 845 1469 intestinis
884 1392 1075 1484 instratum
1108 1395 1144 1473 dt
1181 1395 1224 1472 ad
1260 1420 1305 1474 os

316 1521 424 1626 pubis
455 1540 575 1619 usque
617 1537 878 1616 procurrens,
912 1537 954 1594 ut
983 1518 1094 1597 velut
1128 1518 1313 1619 pulvinar.

317 1663 492 1723 ventrem
514 1656 642 1741 tegat,
669 1634 728 1724 dt,
755 1637 803 1712 ob
823 1638 941 1739 adipis
964 1637 1133 1741 copiam,
1159 1638 1304 1719 coctio·

246 1785 249 1790 '
315 1791 399 1845 nem
427 1762 540 1865 magis
565 1781 816 1864 promoveat,
843 1784 1012 1868 cum,·ut
1032 1761 1139 1865 supra
1161 1766 1305 1855 monui,
1424 1817 1431 1826 ι

311 1884 524 1990 principale
544 1882 716 1985 corporis
731 1884 924 1993 monastici
945 1883 1111 1966 officium
1130 1888 1201 1977 iit,
1239 1913 1302 1967 co·

314 2006 395 2090 ctio
430 2005 715 2110 alimentorum,
743 2029 927 2112 quoquo
960 2009 1075 2112 magis
1107 2031 1304 2112 augeatur,

314 2152 379 2224 aut
401 2151 589 2238 nunquam
613 2153 635 2208 e
659 2126 814 2208 defectu
835 2131 974 2208 caloris
993 2130 1302 2235 interrumpatur,

311 2237 509 2343 monachi,
537 2249 739 2354 prasertim
771 2253 978 2355 nudipedes
1010 2256 1046 2334 dt
1073 2281 1303 2359 gymnopro·

314 2377 370 2457 ui
414 2375 667 2456 ventriculum
710 2402 862 2479 quoque
904 2379 1094 2459 artificiali
1144 2384 1304 2485 quodam

155 2573 158 2582 ,
190 2525 193 2531 ·
318 2521 475 2579 omento
500 2496 563 2580 seu
586 2497 731 2576 indusio
752 2500 885 2587 laneo,
909 2501 967 2591 u,
1001 2503 1101 2605 quod
1129 2508 1214 2606 plus
1235 2508 1303 2597 est,

312 2624 496 2727 scapulari
518 2623 598 2725 per
613 2641 785 2702 ventrem
815 2624 1057 2717 decurrente,
1085 2630 1151 2707 vel
1174 2633 1303 2710 tunica

314 2747 489 2848 bipliceta
512 2746 816 2848 supervestiunt‚
843 2750 887 2826 ad
919 2754 1131 2852 exemplum
1165 2757 1302 2857 gladia·

312 2870 408 2968 toris
426 2871 554 2960 illius,
580 2870 644 2948 cui
664 2872 826 2949 Galenus
842 2893 1031 2970 omentum
1053 2876 1302 2969 ubiiulit,·dt,

295 3014 361 3088 ¹ne
390 2989 536 3094 frigore
568 2990 744 3072 intestina
772 2993 979 3107 laedantur,
998 2975 1172 3112 uentrem
1204 3004 1303 3080 lauis

311 3113 503 3195 obvolvit.

413 3607 608 3711 Prospexit
636 3633 790 3714 quoque
822 3631 954 3694 natura
995 3617 1208 3705 monachis,
1234 3616 1301 3719 qui

311 3751 360 3808 cx
381 3719 550 3829 instituto
583 3723 849 3873 nonnunquam
877 3738 1069 3836 jejunant,
1094 3741 1300 3842 pinguiore

310 3873 488 3930 omento·
475 3853 627 3956 ,adeps
650 3858 807 3964 enimin
829 3860 955 3940 inedia
978 3861 1142 3970 vertitur
1169 3862 1209 3938 in
1231 3861 1299 3940 ali

308 3995 473 4053 mentum
519 3978 556 4055 u·
590 3977 729 4057 inescat
756 4001 913 4083 partes,
953 3985 1072 4068 donec
1104 3987 1299 4142 proprium
1411 3985 1415 3996 '

193 4119 197 4128 ·
309 4098 577 4202 nutrimentum
599 4104 800 4194 accedat„

1159 4235 1244 4313 Post
1292 4221 1296 4228 ¹
