3242 5334
285 664 440 811 '⁶⁸'
784 746 969 773 ......

385 943 445 1006 tra
475 917 757 1008 verbuliss'rmum
786 921 1024 1000 monachismi
1053 921 1270 1018 aduncatum
1306 926 1370 1007 de·
1485 957 1489 966 ·

349 1085 352 1092 .
384 1023 557 1126 fondere
607 1023 715 1106 Quid
737 1021 835 1101 enirn
858 1023 922 1125 egi
943 1025 1068 1114 aliud,
1086 1033 1176 1105 cu'm
1200 1031 1371 1109 acerbius
1488 1105 1491 1110 .

384 1129 433 1204 de
452 1126 640 1232 monachis
670 1122 706 1204 dr
732 1125 1280 1231 muliebri'eorum'rellgioue
1316 1131 1386 1223 dis

374 1229 445 1322 vxi,
473 1253 579 1327 qnam
602 1228 662 1316 id,
683 1227 781 1330 quod
804 1228 1024 1306 immortalis
1048 1232 1369 1334 patortuusegit,

384 1330 621 1410 illullrlffime
650 1328 840 1409 Sultenie!
867 1330 933 1430 qui
966 1334 1169 1435 prestigia,
1201 1337 1369 1412 excanta-

383 1434 534 1520 tiones,
562 1455 787 1535 varrrpyros,
814 1431 958 1520 larvas,
997 1433 1126 1533 sagas,
1162 1434 1198 1511 dc
1234 1437 1409 1518 oriola-2

335 1561 338 1565 ·
383 1555 489 1612 tores
514 1561 536 1613 e
558 1533 749 1634 republica
763 1532 1005 1635 profligavit,
1033 1537 1070 1613 dt
1090 1535 1191 1639 quod
1215 1555 1279 1626 tu,
1301 1539 1372 1638 qui

384 1634 513 1716 summi
536 1639 652 1736 patris
673 1633 829 1738 vestigia
876 1634 1020 1725 remim
1049 1633 1151 1739 quod
1173 1639 1370 1741 unusquis·

259 1741 262 1746 ’
384 1762 458 1837 que
477 1736 687 1816 senatorum
716 1734 827 1837 ampl‘
856 1739 920 1831 rmi
947 1738 1167 1827 tribunalis,
1196 1742 1255 1816 cui
1280 1766 1370 1841 pra·

384 1865 450 1926 es,
475 1836 661 1940 perficere
680 1838 824 1917 studet:
851 1857 894 1917 ut
907 1836 1076 1918 extincta
1102 1839 1283 1919 inanimis
1305 1841 1370 1920 im·
1386 1905 1391 1920 ,.

383 1941 533 2020 becillis
566 1941 684 2040 plebis
717 1942 807 2016 anili
840 1938 1101 2046 superstitione
1124 1938 1269 2023 firmior
1300 1944 1372 2023 stet

382 2040 606 2138 &sanclior
624 2041 774 2148 religio.
827 2139 829 2144 Ι

393 2445 421 2562 Ἰ
486 2450 596 2529 Initia
629 2448 666 2527 dc
700 2446 826 2528 causas
858 2450 1160 2552 superstitionum
1181 2443 1371 2552 aggress'us

384 2552 484 2640 sum,
510 2576 594 2631 cum
623 2548 769 2637 sordes,
804 2551 966 2654 ineptias
987 2549 1005 2643 ‚'
1038 2550 1262 2655 fraudesque
1293 2575 1370 2629 mo·
1495 2643 1497 2647 ¹

384 2657 585 2734 nachorum
609 2654 788 2733 curialius
819 2673 1059 2742 excuterem,
1090 2677 1251 2756 gnarus,
1287 2653 1369 2730 sub-

291 2776 295 2784 ·
383 2759 459 2834 lata
480 2751 585 2834 causa
608 2756 696 2830 tolli
725 2754 871 2833 tandem
899 2749 1005 2855 ,polle
1036 2753 1210 2835 effecius.
1263 2753 1369 2835 Novi

385 2856 536 2960 quidem
558 2855 802 2958 periculosam
821 2850 894 2933 elle
913 2853 1153 2937 offensrouem
1175 2859 1270 2934 hanc
1280 2881 1368 2957 pro-

382 2980 469 3063 pter
484 2957 737 3059 interpositam
756 2956 1017 3036 aucloritatem
1041 2958 1370 3059 religionemque'3

384 3060 481 3139 novi
502 3058 694 3137 obl'curum
714 3058 810 3137 illud
831 3059 979 3148 odium,
1008 3061 1109 3162 quod
1128 3058 1281 3146 fanatici
1304 3061 1370 3136 hu·

305 3238 308 3244 ,
383 3164 514 3247 mines,
543 3178 673 3254 contra
691 3160 960 3258 innovationes
982 3183 1113 3241 omues
1134 3175 1380 3261 conceptum.

296 3288 300 3296 ’
381 3266 577 3368 hucusque
600 3262 893 3360 continuerunt,
919 3264 959 3339 in
989 3288 1047 3341 me
1074 3286 1187 3341 uuum
1216 3259 1369 3342 deflecti
1494 3327 1503 3342 .

381 3360 506 3467 polle,
532 3364 597 3463 qui
621 3366 844 3453 monachos,
870 3403 919 3421 -
946 3388 1042 3467 quos
1065 3362 1249 3443 ministros
1280 3364 1369 3441 reli·

383 3468 510 3568 gionis
531 3464 712 3566 appellari
733 3467 877 3545 malunt
904 3504 952 3523 -
979 3466 1136 3567 exploli.
1180 3466 1367 3564 Necprae·

384 3593 443 3646 rer
477 3563 781 3667 expectationem
815 3564 983 3656 accidit,
1020 3569 1122 3669 quod
1157 3565 1367 3646 ascenderit

383 3672 423 3748 in
446 3670 605 3748 rostrum
636 3666 894 3759 adversarius,
933 3670 1022 3771 qui,
1059 3669 1126 3747 etfi
1158 3666 1367 3748 officii'l'ui

383 3770 556 3857 sarclitas
578 3769 798 3873 singularem
829 3771 1051 3859 veritatem,
1078 3773 1115 3850 &
1138 3774 1365 3870 gravitatem
1464 3829 1467 3836 -

260 3871 267 3880 ’
383 3873 629 3974 exposceret,
656 3911 705 3929 -
732 3872 863 3952 timide
883 3871 991 3976 dien,
1017 3870 1079 3952 sed
1097 3871 1293 3949 dicendum
1308 3874 1381 3958 est¹
1444 3965 1446 3970 Ι

171 3989 174 3998 “
381 3994 503 4056 tamen
528 4015 580 4030 --
626 3970 793 4052 fraudem
829 3971 1031 4078 dolumque
1067 3974 1269 4063 adhibuit,
1322 3980 1385 4051 ut'
1456 4019 1458 4024 ·

382 4074 644 4178 persuaderet:
667 4073 766 4156 saera
785 4075 1066 4177 &religionem
1087 4074 1256 4177 negligi,
1280 4075 1364 4154 vio·
1461 4119 1463 4124 ·

378 4178 478 4270 lari,
504 4177 651 4280 pollui,
674 4180 701 4256 li
731 4178 934 4256 tolleretur
959 4201 982 4254 c
1007 4177 1201 4278 republica
1237 4177 1363 4279 super-

383 4281 507 4372 stitio,
532 4295 620 4368 auti,
645 4279 747 4382 quod
767 4279 884 4380 magis
907 4279 984 4371 est,
1010 4279 1193 4378 liliceret
1214 4276 1360 4359 inferre
1386 4371 1398 4392 ,Ι

1242 4425 1315 4507 ma·
1348 4449 1350 4458 .
