3242 5334
291 867 293 871 -
336 808 458 986 melli·
522 814 667 890 Verum
698 809 798 899 euim
834 829 937 908 veros
961 829 1048 884 num
1081 808 1198 906 majus
1232 810 1323 911 quid

240 931 259 973 -·
335 917 409 1015 p'rae
442 913 607 1008 inerunt,
632 938 740 1015 quam
761 910 966 989 hodiedum
992 908 1094 987 suum
1119 937 1258 1015 greges
1279 911 1322 991 iri

338 1012 492 1108 desertis
518 1013 661 1094 Africa:
683 1014 719 1091 &
741 1012 961 1089 American?
985 1011 1050 1112 qui
1079 1037 1270 1115 purgatam
1298 1040 1323 1093 a

299 1193 304 1203 ,
337 1116 568 1216 serpentibus
601 1114 638 1193 dt
672 1112 870 1215 reptilibus
888 1136 1037 1191 terram
1066 1116 1187 1192 rostro
1209 1113 1323 1194 suffo-

337 1220 445 1297 dium
480 1216 514 1293 dt
545 1234 774 1319 preparant,
802 1239 881 1315 quo
914 1211 1065 1310 facilius
1097 1214 1161 1291 sub
1186 1193 1322 1296 aratris

337 1346 389 1398 eo
412 1318 631 1395 deducenda
652 1317 811 1395 coloniae
835 1313 1071 1394 mansuescat.
1122 1318 1209 1423 Jam
1237 1316 1322 1395 fun-

104 1439 122 1500 ’,
179 1487 182 1494 .
236 1500 239 1504 ,
336 1409 389 1508 tii
412 1419 493 1496 sunt
527 1418 654 1497 officio
686 1417 752 1495 suo
786 1419 970 1498 monachi.
1024 1418 1176 1518 Optime
1201 1420 1322 1520 igitur

336 1518 691 1623 nobis‘prospiciunt
712 1519 926 1619 principes,
952 1543 1033 1596 cum
1063 1518 1252 1598 detradlos
1282 1522 1325 1597 in

257 1633 260 1642 ’
337 1624 407 1699 illa
428 1628 635 1723 temporum
656 1618 790 1717 injuria
811 1616 947 1697 fundos
972 1622 1015 1697 ab
1044 1620 1091 1699 iis
1128 1617 1328 1722 repe'tunt,

234 1810 237 1817 ¹
336 1724 402 1823 qui
426 1725 630 1800 collocatas
657 1723 829 1823 iungi-us
851 1718 1016 1799 foenoris·
1041 1742 1166 1823 partes
1191 1723 1323 1825 ingen·

226 1865 231 1876 ·
338 1825 370 1902 ti
392 1846 473 1899 cum
495 1824 603 1904 usura
623 1823 757 1914 dudum
778 1844 1004 1923 receperunt
1016 1854 1028 1921 ;
1055 1822 1346 1926 injustiffimum.

339 1926 440 2007 enim
472 1919 576 2002 foret
606 1927 736 2014 labore
768 1943 896 2025 partos
917 1944 1024 2002 terrac
1041 1922 1322 2006 frudlusinnu·

340 2050 447 2124 merae
473 2025 514 2100 in
534 2024 686 2128 diesque
706 2024 936 2113 adcrescenti
958 2030 1223 2110 monachorum
1245 2048 1325 2106 tur·

338 2129 413 2215 ba',
441 2150 513 2227 qua
525 2124 749 2204 otiosiorem
775 2151 852 2229 uon
881 2129 991 2207 habet
1019 2131 1256 2232 respublica,
1282 2126 1326 2209 in

340 2229 605 2308 detrimentum
623 2223 767 2306 civium
785 2226 1019 2336 suppeditare
1024 2260 1043 2358 j

295 2615 298 2624 ,
360 2625 362 2629 ,
444 2529 766 2635 Exstirpeturjam
780 2526 882 2606 sceda
902 2529 973 2614 hec
992 2538 1221 2628 mendicitas,
1244 2539 1328 2641 quac

342 2623 428 2734 dum
458 2636 596 2713 nutriri
626 2634 753 2734 cupit,
791 2628 958 2710 laborem
991 2664 1131 2718 omnem
1164 2638 1326 2741 respuit.-

343 2736 606 2828 lmmolentur,
620 2736 694 2832 jam
725 2735 778 2811 hae
808 2731 1000 2809 sumtuose
1034 2739 1158 2819 bustiae
1183 2744 1327 2820 aterno'

343 2839 484 2936 numini
516 2839 560 2915 ad
590 2834 804 2937 expiandam
834 2834 1069 2911 insaniam&
1097 2841 1343 2941 superstitio-¹

145 2939 148 2947 ·
271 2958 275 2964 ·
324 2963 438 3036 unes,
465 2938 759 3043 firmandamque
787 2934 917 3026 foedus
936 2962 1027 3044 cum
1055 2932 1240 3025 strictiore
1264 2970 1325 3024 re·

346 3042 506 3145 ligione.

424 3369 427 3374 ·
448 3345 613 3425 Videtur
633 3341 739 3423 adlor
760 3346 1122 3445 inopportunitatem
1143 3344 1180 3424 dc
1200 3341 1333 3425 falstra·

345 3468 421 3529 tem
454 3470 755 3550 argumentorum
788 3446 1122 3537 animadvertisse,
1158 3471 1236 3545 qua
1258 3472 1330 3547 pro

276 3564 280 3570 ’
346 3551 568 3637 clientibus,
604 3572 762 3649 quotum
797 3553 1048 3648 patrocinium
1078 3574 1188 3627 nemo
1218 3550 1256 3625 in
1291 3547 1330 3627 se

345 3644 579 3752 lllscepiffet,
606 3650 744 3729 attulit.
796 3652 869 3729 Sed
906 3675 955 3732 ne
985 3655 1206 3742 intentatum
1237 3649 1330 3749 quid

284 3771 287 3776 ·
345 3777 410 3831 aut
450 3750 591 3831 causam
636 3776 782 3829 omnem
824 3752 1142 3858 derelinqueret,
1183 3752 1331 3857 tandem

347 3854 509 3932 adrionis
531 3856 599 3930 lua
622 3855 706 3931 vela
731 3855 891 3957 quodam
912 3861 1012 3957 <puali
1043 3853 1332 3934 commiseratio·

319 4014 322 4018 ·
347 3959 407 4033 nis
431 3978 550 4033 vento
571 3955 758 4057 inplevita
786 3959 837 4034 ad·
863 3960 1025 4039 lamenta
1046 3959 1333 4056 lachrymasque

348 4054 522 4158 confugit
538 4086 550 4155 3
573 4055 801 4159 religionem
821 4060 1079 4162 pietatemque
1098 4061 1256 4136 vestram
1272 4055 1334 4132 ad-

341 4158 512 4258 juravit,
542 4160 580 4239 dt
605 4155 688 4238 fors
719 4160 802 4249 vir,
828 4160 1335 4260 movendarum-lachryma-

1194 4304 1277 4375 runt
