3242 5334
471 913 546 993 hoc
577 902 697 983 adhuc
727 919 798 1001 pro
824 890 1072 974 instrufflone
1094 894 1251 995 populi.
1276 891 1459 996 pro'prae·

477 1009 665 1092 dicatione
698 996 913 1101 evangelii,
951 997 990 1075 Ge
1020 1021 1091 1098 pro
1121 995 1379 1074 distributione
1409 994 1459 1074 sr-

416 1107 434 1192 .“
480 1128 751 1193 crementorum
784 1102 826 1178 in
857 1099 985 1177 decem
1016 1097 1205 1199 parochiis
1228 1097 1337 1194 hujus
1361 1099 1462 1200 capi·

476 1215 565 1295 talis
596 1207 703 1287 nobis
729 1200 915 1282 destinati.
942 1196 1022 1299 (28)
1074 1199 1137 1277 Illi
1164 1200 1302 1277 habent
1330 1200 1463 1302 igitur,

476 1332 592 1421 prout
614 1307 742 1412 quivis
762 1303 882 1394 civis,
903 1300 1040 1398 justum
1070 1302 1222 1380 titulum
1253 1302 1360 1380 sicuti
1391 1327 1464 1404 pro

481 1411 775 1498 conservatione
797 1405 867 1482 suae
890 1404 975 1482 vitae
999 1406 1052 1482 itu
1081 1403 1192 1480 etiam
1218 1427 1287 1502 pro
1313 1405 1466 1482 conser-

479 1510 712 1600 vationesui
737 1505 917 1596 honoris,
943 1505 1008 1609 qui
1039 1506 1093 1582 est
1119 1501 1264 1605 speeies
1289 1506 1401 1596 vitae,
1428 1505 1467 1583 ἅ

431 1693 435 1700 .
480 1619 525 1701 sae
552 1614 665 1695 iffime
687 1609 885 1714 pretiofior
907 1632 1014 1707 quam
1036 1607 1117 1686 vita
1138 1603 1242 1707 ipsa.'
1257 1605 1465 1690 Quomodo

478 1645 590 1801 anget
612 1739 710 1794 unos
742 1712 912 1815 privatus
933 1727 1102 1796 tentare,
1139 1728 1211 1785 tam
1241 1711 1370 1786 nobile
1402 1711 1467 1786 bo·

449 1847 568 1902 vnum
593 1808 908 1912 cuntememriis
933 1809 1100 1889 manibus
1119 1807 1293 1911 spoliare.
1318 1812 1415 1910 (29)

1331 2117 1418 2228 Ego

480 2613 484 2624 ’
524 2635 586 2699 (28)
612 2609 722 2701 Nego,
748 2625 853 2682 sanem
880 2624 914 2679 de
944 2621 1170 2686 franciscanis,
1197 2615 1321 2693 quoium
1350 2640 1476 2695 regnum

602 2738 668 2778 non
687 2719 725 2774 est
742 2719 775 2774 de
793 2716 1000 2779 noemmin,
1019 2717 1050 2769 ὅ(
1065 2731 1117 2785 per
1136 2716 1373 2785 consequentiam
1385 2718 1478 2774 etiam

604 2831 670 2871 non
686 2812 756 2867 sunt
775 2810 877 2877 river,
896 2808 926 2864 ἁ
948 2805 1004 2861 n'os
1025 2823 1087 2860 non
1105 2806 1180 2878 ligat
1203 2808 1283 2862 alind
1306 2811 1478 2883 vinculum,

388 2973 393 2994 ἱ
606 2924 696 2982 quem
713 2904 815 2971 funin,
833 2917 921 2973 quem
947 2902 989 2958 St.
1007 2904 1089 2955 Pater
1111 2901 1207 2956 noster
1227 2903 1397 2976 praescripfit
1413 2887 1497 2960 ‘nos

480 3053 481 3057 ,
601 3001 664 3068 bin,
684 2999 715 3053 δε
734 2997 766 3052 in
791 2995 892 3067 regula
911 3010 977 3051 mea
997 2983 1091 3048 'nihil'
1106 2994 1139 3048 de
1160 2993 1346 3051 instructione
1373 2999 1480 3070 populi

602 3091 750 3158 invenio,
771 3088 839 3161 quia
858 3101 921 3142 non
939 3086 1038 3142 sumne
1055 3087 1264 3160 ludimagistri,
1283 3106 1337 3158 nec
1346 3093 1480 3162 parochi,

599 3188 647 3244 sed
670 3183 879 3252 franciscani,
904 3184 981 3255 qnod
1007 3181 1044 3236 est
1075 3183 1224 3239 summurn
1246 3183 1277 3239 ἀ
1302 3186 1481 3258 maximum,
1506 3223 1514 3236 .

603 3281 636 3337 &
664 3293 728 3333 non
763 3288 911 3332 mutarem
939 3276 1045 3340 statum
1073 3291 1172 3330 meum
1200 3292 1267 3333 eum
1290 3277 1421 3334 senatore
1448 3282 1481 3334 δε

601 3375 687 3431 omni
710 3374 761 3428 suo
790 3371 900 3426 labore.
935 3373 968 3425 ld
997 3373 1073 3442 quod
1094 3372 1285 3427 vocationem
1306 3388 1404 3428 meam
1426 3389 1483 3429 ve.

606 3486 671 3524 ram
692 3466 743 3524 ess'e
762 3468 888 3539 probat,
908 3481 997 3538 quam
1022 3482 1113 3539 nsque
1138 3469 1175 3525 ad
1199 3467 1339 3524 ultimam
1361 3478 1486 3540 guttam

605 3561 757 3633 sanguinis
777 3560 939 3615 defendam.
1232 3549 1234 3554 ’

537 3857 598 3916 (29)
615 3847 713 3901 Etiam
732 3862 795 3902 non
814 3848 965 3917 adaequate
985 3845 1076 3908 dicit;
1094 3843 1158 3900 Nos
1175 3842 1316 3900 monaehi
1333 3842 1488 3918 omnihu-

608 3941 676 3994 nori
703 3919 856 4004 mundano
884 3941 1152 4005 renuntiavimus,
1181 3940 1212 3993 dc
1237 3951 1300 3992 non
1326 3935 1489 4010 querimus

503 4085 506 4090 .
608 4032 663 4086 nifi
682 4032 810 4088 honores
835 4031 1051 4098 ecclefiustieos‚
1070 4032 1106 4084 ad
1124 4046 1198 4101 quoe
1216 4030 1489 4101 poisumnuscen·

612 4127 677 4180 dere
709 4128 799 4182 etiam
828 4125 887 4179 fine
909 4126 1023 4181 honore
1043 4107 1205 4180 mundano.
1241 4126 1360 4180 Nomen
1383 4109 1489 4182 meum

610 4220 698 4290 plane
723 4221 788 4272 non
815 4232 916 4283 curo,
951 4217 1021 4288 qnia
1046 4215 1106 4285 jam
1135 4216 1169 4272 in
1192 4218 1348 4273 novitiatu
1374 4233 1492 4278 nomen

609 4325 711 4392 meum
739 4311 874 4383 deposui,
903 4310 934 4365 ὰ
959 4326 1048 4368 nemo
1076 4313 1129 4368 seit
1158 4314 1309 4385 ampliu,
1335 4313 1411 4383 quod
1442 4312 1491 4369 fui

597 4416 722 4488 vocetur
740 4406 935 4478 Sequemur,
955 4406 986 4460 dr
1006 4423 1088 4463 nnuc
1107 4423 1199 4464 vocer
1215 4408 1437 4481 F.0nuphriue.

402 4115 413 4150 Ι
